% This file was created with JabRef 2.3.1.
% Encoding: Cp1252


@MISC{opus,
  author = {Opus Software},
  title = {Micro Serviços: Qual a diferença para a Arquitetura Monolítica?},
  year = {2015},
  url = {https://www.opus-software.com.br/micro-servicos-arquietura-monolitica},
  urlaccessdate = {13 de novembro de 2018}
}

@BOOK{googleNext,
  title = {Breaking Your Monolith into Serverless Microservices},
  publisher = {Hussain Al Muscati},
  year = {2018},
  author = {Buerger, David John},
  address = {Londres},
  url={https://cloud.withgoogle.com/next18/sf/sessions/session/156227}
}

@MISC{artigo,
  author = {Zhamak Dehghani},
  title = {How to break a Monolith into Microservices},
  year = {2018},
  url = {https://martinfowler.com/articles/break-monolith-into-microservices.html},
  urlaccessdate = {5 de novembro de 2018}
}

@MISC{nginx,
  title = {Refactoring a Monolith into Microservices},
  publisher = {NGINX},
  year = {2016},
  author = {Chris Richardson of Eventuate, Inc},
  url = {https://www.nginx.com/blog/refactoring-a-monolith-into-microservices/}

}

@MISC{nginxPesquisa,
	title = {Microservices Reference Architecture},
	publisher = {NGINX},
	year = {2016},
	author = {Chris Stetson},
	url = {https://www.nginx.com/resources/library/microservices-reference-architecture/}
	
}

